%*****************************************************************************************
%*********************************** References **************************************
%*****************************************************************************************

@misc{KHAN,
  author = {Salman Khan},
  title = {Khan Academy: A free world-class education for anyone anywhere},
  howpublished = {\url{https://www.khanacademy.org/about}}
  }
  
@misc{AFRON2014,
  author = {Ayorkor Korsah},
  title = {The African Robotics Network (AFRON)},
  howpublished = {\url{http://robotics-africa.org/2014-design-challenge}},
  year = {2014}
  }
  
  
@misc{EP,
  author = {},
  title = {La Educaci\'on Prohibida},
  howpublished = {\url{http://www.educacionprohibida.com/}}
  }  
  
  


@article{Barrera2005,
  author = {Barrera, Pablo and Robles, Gregorio and Mart, Francisco and Ca, M and Rey, Universidad and Carlos, Juan},
  file = {:home/mapx/xfiles/projects/LibrERobotics/references/p3-barrera.pdf:pdf},
  isbn = {1595931279},
  keywords = {education,libre software,open source,robotics,robotics industry,robotics research},
  mendeley-groups = {LibrERobotics},
  pages = {1--6},
  title = {{Impact of Libre Software Tools and Methods in the Robotics Field}},
  url = {http://www.researchgate.net/publication/220630637\_Impact\_of\_libre\_software\_tools\_and\_methods\_in\_the\_robotics\_field/file/9fcfd50b8a873a8f70.pdf},
  year = {2005}
  }

@article{Meyer2003,
  author = {Meyer, Tony},
  file = {:home/mapx/xfiles/projects/LibrERobotics/references/10.1.1.10.5804.pdf:pdf},
  mendeley-groups = {LibrERobotics},
  pages = {1--9},
  title = {{Building Cost-effective Research Platforms : Utilising Free | Open- source Software in Research Projects}},
  url = {http://citeseerx.ist.psu.edu/viewdoc/download?doi=10.1.1.10.5804\&rep=rep1\&type=pdf},
  year = {2003}
  }


@misc{Larrart2013,
  author = {Valeria Larrart},
  title = {Los robots cambian historias: Valeria Larrart at TEDxRioLimay},
  abstract = {},
  howpublished = {\url{https://www.youtube.com/watch?v=wLLEg2oqj3g}},
  month = {October},
  year = {2013}
  }

  
@misc{ARX2013,
  author = {},
  title = {The Ashesi Robotics Experience},
  abstract = {},
  howpublished = {\url{http://wumpinihussein.wix.com/arx2013}},
  year = {2013}
  }
  
  
@misc{ashesirobotics2013,
  author = {},
  title = {The Ashesi Robotics},
  abstract = {},
  howpublished = {\url{http://ashesirobotics.wordpress.com/}},
  year = {2013}
  }

@misc{MITPrintableRobot2013,
  author = {Ankur Mehta and Joseph DelPreto and Benjamin Shaya and Lindsay Sanneman and Daniela Rus},
  title = {The MIT SEG: An Origami-Inspired Segway Robot},
  abstract = {},
  howpublished = {\url{https://sites.google.com/site/mitprintablerobots/}},
  year = {2013}
  }

  
@misc{Ardublock2013,
  author = {David Li and HE Qichen},
  title = {Ardublock: a Block Programming Language for Arduino.},
  abstract = {},
  howpublished = {\url{https://github.com/taweili/ardublock}},
  year = {2013}
  }

  
@misc{AERobot2013,
  author = {},
  title = {AERobot: an Affordable Education Robot},
  abstract = {},
  howpublished = {\url{https://sites.google.com/site/affordableeducationrobot/}},
  year = {2013}
  }
  
  
   
@misc{minibloq2011,
  author = {Juli\'an Da Silva Gillig},
  title = {Minibloq: graphical programming environment for Multiplo, Arduino, physical computing devices and robots.},
  abstract = {},
  howpublished = {\url{http://blog.minibloq.org/}},
  year = {2011}  
  }


@misc{bee-bot2014,
  author = {},
  title = {Bee-Bot: an exciting new robot designed for use by young children.},
  abstract = {},
  howpublished = {\url{http://www.bee-bot.us/}},
  year = {2014}  
  }
  
  
@misc{finchrobot2014,
  author = {},
  title = {The Finch: a new robot for computer science education.},
  abstract = {},
  howpublished = {\url{http://www.finchrobot.com/}},
  year = {2014}  
  }
  

@article{Barret2013,
  author = {Peter Barrett and Yufan Zhang and Joanne Moffat and Khairy Kobbacy},
  title = {A holistic, multi-level analysis identifying the impact of classroom design on pupilsâ€™ learning},
  url = {http://www.sciencedirect.com/science/article/pii/S0360132312002582},
  month = {January},
  year = {2013}
  }

  
@misc{auam,
  author = {},
  title = {Are You a Mozillian?},
  abstract = {},
  howpublished = {\url{https://www.youtube.com/watch?v=beAzn8KQTIQ}},
  month = {February},
  year = {2014}  
  }
  

@misc{timio,
  author = {},
  title = {Timio \& Aseba},
  abstract = {},
  howpublished = {\url{https://aseba.wikidot.com/}},
  year = {2014}  
  }
  
  
  
@article{Androutsopoulos2014,
  author = {Androutsopoulos, K and Gorogiannis, N and Loomes, M and Margolis, M and Primiero, G and Raimondi, F and Varsani, P and Weldin, N and Zivanovic, A},
  file = {:home/mapx/xfiles/projects/LibrERobotics/references/raimondi/Racket-Robot.pdf:pdf},
  keywords = {educational approaches and perspectives,experience reports},
  mendeley-groups = {LibrERobotics},
  url = {http://christophe.rhodes.io/notes/wiki/teaching_languages/Racket-Robot.pdf},
  pages = {54--62},
  title = {{A Racket-Based Robot to Teach First-Year Computer Science}},
  year = {2014}
  }

  
@misc{bugbot,
  author = {Gabe},
  title = {BugBot},
  abstract = {},
  howpublished = {\url{http://rampantrobots.blogspot.mx/2012/12/bugbot.html}},
  day={29},
  month={December},
  year = {2012}  
  }
    
@misc{lilbot,
  author = {Chris Hakim},
  title = {Lil' Bot},
  abstract = {},
  howpublished = {\url{http://www.lil-bot.com/}},
  year = {2012}  
  }
  
  
@misc{boebot,
  author = {},
  title = {BoeBot: Arduino line following robot},
  abstract = {},
  howpublished = {\url{http://www.instructables.com/id/Boe-BotArduino-line-following-robot/?ALLSTEPS}},
  year = {2012}  
  }

  
@misc{linea,
  author = {},
  title = {Linea},
  abstract = {},
  howpublished = {\url{http://robottini.altervista.org/linea-line-follower}},
  day={27},
  month={June},
  year = {2011}  
  }
  
      
@misc{sparki,
  author = {},
  title = {Sparki},
  abstract = {},
  howpublished = {\url{http://arcbotics.com/products/sparki/}},
  year = {2014}  
  }

  
@misc{sparkisoftware,
  author = {},
  title = {Arcbotics Sparki Module},
  abstract = {},
  howpublished = {\url{http://www.roborealm.com/help/Arcbotics_Sparki.php/}},
  year = {2014}  
  }
  
@misc{mirobot,
  author = {Ben Pirt},
  title = {Mirobot},
  abstract = {},
  howpublished = {\url{http://mirobot.io/open_source/}},
  year = {2014}  
  }
  
  
  
@misc{servohack1,
  author = {arduinodude11},
  title = {Tower Pro SG 90 Micro Servo Hack},
  abstract = {},
  howpublished = {\url{http://www.instructables.com/id/Tower-Pro-SG-90-Micro-Servo-Hack/?ALLSTEPS}},
  year = {2014}  
  }
  
   
@misc{servohack2,
  author = {Nick Ames},
  title = {Modifying Tower Pro SG-90 Servos for Continuous Rotation},
  abstract = {},
  howpublished = {\url{http://www.fetchmodus.org/projects/servo/index.html}},
  year = {2012}  
  }
   
   
@misc{arduino,
  author = {Massimo Banzi and David Cuartielles and Tom Igoe and Gianluca Martino and David Mellis},
  title = {Arduino: An Open-Source Electronics Prototyping Platform},
  abstract = {},
  howpublished = {\url{http://www.arduino.cc/}},
  year = {2014}  
  }
   
   
@misc{ardublock,
  author = {David Li and HE Qichen},
  title = {ArduBlock: Visual Programming Environment for Arduino},
  abstract = {},
  howpublished = {\url{http://sourceforge.net/projects/ardublock/files/?source=navbar}},
  year = {2013}  
  }
   
    
@misc{ardbot2,
  author = {Gordon McComb},
  title = {ArdBot II: Build a Fully Programmable Arduino Robot},
  abstract = {},
  howpublished = {\url{http://www.robotoid.com/byfr/}},
  year = {2013}  
  }
   
  
@article{DeyleReynolds2008,
  author = {Travis Deyle and Matt Reynolds},
  journal = {IEEE International Conference on Robotics and Automation (IRCA)},
  title = {{Surface based wireless power transmission and bidirectional communication for autonomous robot swarms}},
  url = {http://www.hizook.com/files/publications/PowerSurface-CameraReady.pdf},
  year = {2008}
  }

@article{arunkumar2010,
  author = {P. Arunkumar and  S. Nandhakumar and A. Pandian},
  journal = {International Conference on Computer and Communication Technology (ICCCT)},
  title = {{Experimental investigation on mobile robot drive system through resonant induction technique}},
  url = {http://ieeexplore.ieee.org/xpl/login.jsp?tp=&arnumber=5640443},
  year = {2010}
  }

  
@misc{DrFirmata,
  author = {Christophe Scholliers},
  title = {DrFirmata: The Arduino Micro-controller Interface v0.1},
  abstract = {},
  howpublished = {\url{http://planet.racket-lang.org/archives/xtofs/firmata.plt/1/0/contents/planet-docs/firmata/}},
  year = {2011}  
  }
   
@misc{Pocketsphinx,
  author = {Carnegie Mellon University},
  title = {CMU Sphinx: Open Source Toolkit For Speech Recognition},
  abstract = {},
  howpublished = {\url{http://cmusphinx.sourceforge.net/wiki/}}
  }  
   
@misc{Racket,
  author = {},
  title = {Racket: A programmable programming language},
  abstract = {},
  howpublished = {\url{http://racket-lang.org/}}
  }  
 

